% This file was created with JabRef 2.8.1.

@BOOK{prud2015,
  title = {Методы оптимизации},
  publisher = {НИЯУ МИФИ},
  year = {2015},
  author = {Кудрявцев, К. Я. and Прудников, А. М.},
  address = {М.},
  language = {russian},
  owner = {Alexey},
  timestamp = {2016.07.18}
}

@CONFERENCE{prud2014,
  author = {Ковалевский, С. С. and Прудников, А. М.},
  title = {Теоретико-игровой подход к защите от мошенничества с платежными картами
	в сети Интернет},
  booktitle = {Технические науки: теория и практика. Сборник материалов международной
	научной конференции. Россия, г. Москва, 26-28 июня 2014 г.},
  year = {2014},
  pages = {44-47},
  address = {Киров},
  publisher = {МЦНИП},
  journal = {Технические науки: теория и практика. Сборник материалов международной
	научной конференции. Россия, г. Москва, 26-28 июня 2014 г.},
  language = {russian},
  owner = {Alexey},
  timestamp = {2016.07.18}
}

@CONFERENCE{prud2013,
  author = {Прудников, А. М.},
  title = {Подходы к защите от мошенничества с платежными картами в сети Интернет},
  booktitle = {Научная сессия НИЯУ МИФИ-2013. Аннотации докладов. В 3-х томах.},
  journal = {Научная сессия НИЯУ МИФИ-2013. Аннотации докладов. В 3-х томах.},
  year = {2013},
  volume = {2},
  pages = {221},
  address = {М.},
  language = {russian},
  owner = {Alexey},
  publisher = {НИЯУ МИФИ},
  timestamp = {2013.01.09}
}

@CONFERENCE{prud2012,
  author = {Гранкин, Ю. В. and Ковалев, Д. В. and Прудников, А. М.},
  title = {Библиотека типовых решений <<Sunflower>> для быстрой разработки JAVA EE-приложений},
  booktitle = {Научная сессия НИЯУ МИФИ-2012. Аннотации докладов. В 3-х томах.},
  journal = {Научная сессия НИЯУ МИФИ-2012. Аннотации докладов. В 3-х томах.},
  year = {2012},
  volume = {2},
  pages = {241},
  address = {М.},
  language = {russian},
  owner = {Alexey},
  publisher = {НИЯУ МИФИ},
  timestamp = {2013.01.09}
}

@CONFERENCE{prud2010,
  author = {Прудников, А. М.},
  title = {Расширение возможностей СУБД HyTech на примере интеграции полнотекстового
	поиска},
  booktitle = {Научная сессия НИЯУ МИФИ-2010. XIII конференция «Молодежь и наука»: Тезисы
	докладов. В 3-х частях.},
  journal = {Научная сессия НИЯУ МИФИ-2010. XIII конференция «Молодежь и наука»: Тезисы
	докладов. В 3-х частях.},
  year = {2010},
  volume = {2},
  pages = {161-162},
  address = {М.},
  language = {russian},
  owner = {Alexey},
  publisher = {НИЯУ МИФИ},
  timestamp = {2013.01.09}
}

@CONFERENCE{prud2009_2,
  author = {Прудников, А. М. and Марковский, М. В.},
  title = {Методы стегоанализа цифровых изображений},
  booktitle = {Научная сессия НИЯУ МИФИ-2009: Сб. науч. тр. В 6 т.},
  journal = {Научная сессия НИЯУ МИФИ-2009: Сб. науч. тр. В 6 т.},
  year = {2009},
  volume = {V},
  pages = {67-70},
  address = {М.},
  language = {russian},
  owner = {Alexey},
  publisher = {НИЯУ МИФИ},
  timestamp = {2013.01.09}
}

@CONFERENCE{prud2009_1,
  author = {Прудников, А. М.},
  title = {Анализ баз данных на наличие сокрытой информации},
  booktitle = {Информационные системы и технологии 2009. II научно-техническая конференция
	студентов, аспирантов и молодых специалистов: Тезисы докладов.},
  journal = {Информационные системы и технологии 2009. II научно-техническая конференция
	студентов, аспирантов и молодых специалистов: Тезисы докладов.},
  year = {2009},
  pages = {162-163},
  address = {Обнинск},
  language = {russian},
  owner = {Alexey},
  publisher = {ИАТЭ},
  timestamp = {2013.01.09}
}

@CONFERENCE{prud2008_1,
  author = {Прудников, А. М.},
  title = {Проблемы и применение цифровой стеганографии},
  booktitle = {Научная сессия МИФИ-2008. XI конференция «Молодежь и наука»: Тезисы
	докладов. В 2-х частях.},
  journal = {Научная сессия МИФИ-2008. XI конференция «Молодежь и наука»: Тезисы
	докладов. В 2-х частях.},
  year = {2008},
  volume = {1},
  pages = {72-73},
  address = {М.},
  language = {russian},
  owner = {Alexey},
  publisher = {МИФИ},
  timestamp = {2013.01.09}
}

@CONFERENCE{prud2008_2,
  author = {Прудников, А. М.},
  title = {Методы текстовой стеганографии},
  booktitle = {Научная сессия МИФИ-2008. XI конференция «Молодежь и наука»: Тезисы
	докладов. В 2-х частях.},
  journal = {Научная сессия МИФИ-2008. XI конференция «Молодежь и наука»: Тезисы
	докладов. В 2-х частях.},
  year = {2008},
  volume = {1},
  pages = {74-75},
  address = {М.},
  language = {russian},
  owner = {Alexey},
  publisher = {МИФИ},
  timestamp = {2013.01.09}
}

@CONFERENCE{prud2007,
  author = {Прудников, А. М.},
  title = {Автоматизация взаимодействия страхователей и Фонда социального страхования
	Российской Федерации в части сдачи бухгалтерской отчетности},
  booktitle = {Научная сессия МИФИ-2007: Сб. науч. тр. В 17 т.},
  journal = {Научная сессия МИФИ-2007: Сб. науч. тр. В 17 т.},
  year = {2007},
  volume = {16. Конференция «Молодежь и наука»},
  pages = {105-106},
  address = {М.},
  language = {russian},
  owner = {Alexey},
  publisher = {МИФИ},
  timestamp = {2013.01.09}
}
