% This file was created with JabRef 2.8.1.

@CONFERENCE{prud2013,
  author = {Prudnikov, A.},
  title = {Approaches to the protection of payment card fraud on the Internet},
  booktitle = {Science session NRNU MEPhI-2013. Abstracts in three volumes},
  journal = {Science session NRNU MEPhI-2013. Abstracts in three volumes},
  year = {2013},
  volume = {2},
  pages = {221},
  address = {M.},
  language = {russian},
  owner = {Alexey},
  publisher = {NRNU MEPhI},
  timestamp = {2013.01.09}
}

@CONFERENCE{prud2012,
  author = {Grankin, Yu. and Kovalev, D. and Prudnikov, A.},
  title = {Framework <<Sunflower>> for rapid Java EE-applications development},
  booktitle = {Science session NRNU MEPhI-2012. Abstracts in three volumes},
  journal = {Science session NRNU MEPhI-2012. Abstracts in three volumes},
  year = {2012},
  volume = {2},
  pages = {241},
  address = {M.},
  language = {russian},
  owner = {Alexey},
  publisher = {NRNU MEPhI},
  timestamp = {2013.01.09}
}

@CONFERENCE{prud2010,
  author = {Prudnikov, A.},
  title = {Full-text search integration to the HyTech DBMS},
  booktitle = {Science session NRNU MEPhI-2010. XIII conference «Young people and science»: abstracts in three volumes},
  journal = {Science session NRNU MEPhI-2010. XIII conference «Young people and science»: abstracts in three volumes},
  year = {2010},
  volume = {2},
  pages = {161-162},
  address = {M.},
  language = {russian},
  owner = {Alexey},
  publisher = {NRNU MEPhI},
  timestamp = {2013.01.09}
}

@CONFERENCE{prud2009_2,
  author = {Prudnikov, A. and Markovskiy, M.},
  title = {Steganalysis methods of digital images},
  booktitle = {Science session NRNU MEPhI-2009: proceedings in six volumes},
  journal = {Science session NRNU MEPhI-2009: proceedings in six volumes},
  year = {2009},
  volume = {V},
  pages = {67-70},
  address = {M.},
  language = {russian},
  owner = {Alexey},
  publisher = {NRNU MEPhI},
  timestamp = {2013.01.09}
}

@CONFERENCE{prud2009_1,
  author = {Prudnikov, A.},
  title = {Analysis for the presence of hiding information in databases},
  booktitle = {Information systems and technologies 2009. II scientific and technical conference of students, postgraduates and young professionals: abstracts},
  journal = {Information systems and technologies 2009. II scientific and technical conference of students, postgraduates and young professionals: abstracts},
  year = {2009},
  pages = {162-163},
  address = {Obninsk},
  language = {russian},
  owner = {Alexey},
  publisher = {IATE},
  timestamp = {2013.01.09}
}

@CONFERENCE{prud2008_1,
  author = {Prudnikov, A.},
  title = {Problems and practice in digital steganography},
  booktitle = {Science session MEPhI-2008. XI conference «Young people and science»: abstracts in two volumes},
  journal = {Science session MEPhI-2008. XI conference «Young people and science»: abstracts in two volumes},
  year = {2008},
  volume = {1},
  pages = {72-73},
  address = {M.},
  language = {russian},
  owner = {Alexey},
  publisher = {MEPhI},
  timestamp = {2013.01.09}
}

@CONFERENCE{prud2008_2,
  author = {Prudnikov, A.},
  title = {Methods of text steganography},
  booktitle = {Science session MEPhI-2008. XI conference «Young people and science»: abstracts in two volumes},
  journal = {Science session MEPhI-2008. XI conference «Young people and science»: abstracts in two volumes},
  year = {2008},
  volume = {1},
  pages = {74-75},
  address = {M.},
  language = {russian},
  owner = {Alexey},
  publisher = {MEPhI},
  timestamp = {2013.01.09}
}

@CONFERENCE{prud2007,
  author = {Prudnikov, A.},
  title = {Automation of interaction of insurants and Fund of social insurance of the Russian Federation regarding delivery of the accounting reports},
  booktitle = {Science session MEPhI-2007. Abstracts in seventeen volumes},
  journal = {Science session MEPhI-2007. Abstracts in seventeen volumes},
  year = {2007},
  volume = {16. Conference «Young people and science»},
  pages = {105-106},
  address = {M.},
  language = {russian},
  owner = {Alexey},
  publisher = {MEPhI},
  timestamp = {2013.01.09}
}
